<?xml version="1.0" encoding="UTF-8"?><collection xmlns="http://www.loc.gov/MARC21/slim"><record><leader>00515nam--2200193-i-4500</leader><controlfield tag="001">000014615</controlfield><controlfield tag="002">20161230</controlfield><controlfield tag="005">20161230201030</controlfield><controlfield tag="008">060222s1000------------r-----000-0-rus-d</controlfield><datafield ind1=" " ind2=" " tag="040"><subfield code="a">IFIN-HH</subfield></datafield><datafield ind1=" " ind2=" " tag="041"><subfield code="a">rus</subfield></datafield><datafield ind1=" " ind2=" " tag="080"><subfield code="a">539.194:537'226.4:538.95</subfield></datafield><datafield ind1="1" ind2=" " tag="100"><subfield code="a">Bersuker, I. B</subfield></datafield><datafield ind1="1" ind2="0" tag="245"><subfield code="a">Vibronnie vzaimodeistvia v molekulah i kristallah</subfield><subfield code="c">I.b. bersuker, v.z. polinger</subfield></datafield><datafield ind1=" " ind2=" " tag="260"><subfield code="a">Moskva</subfield><subfield code="b">Nauka</subfield><subfield code="c">1983</subfield></datafield><datafield ind1=" " ind2=" " tag="300"><subfield code="a">336P</subfield></datafield><datafield ind1="1" ind2=" " tag="700"><subfield code="a">Polinger, V.Z</subfield></datafield><datafield ind1=" " ind2=" " tag="852"><subfield code="a">71495</subfield><subfield code="c">539.2</subfield></datafield><datafield ind1=" " ind2=" " tag="CAT"><subfield code="a">Sys</subfield><subfield code="c">20121107</subfield><subfield code="h">131006</subfield></datafield></record></collection>